<?xml version="1.0" encoding="UTF-8"?><collection xmlns="http://www.loc.gov/MARC21/slim"><record><leader>00397nam--2200133-i-4500</leader><controlfield tag="001">000010546</controlfield><controlfield tag="002">20161230</controlfield><controlfield tag="005">20161230201028</controlfield><controlfield tag="008">060222s1000------------r-----000-0-eng-d</controlfield><datafield ind1=" " ind2=" " tag="100"><subfield code="a">Cazaux, Jean Bernard</subfield></datafield><datafield ind1=" " ind2=" " tag="245"><subfield code="a">Pyrazolines et pyazoles accoles a un noyau ste roide. these</subfield></datafield><datafield ind1=" " ind2=" " tag="260"><subfield code="a">Montpellier, Universite Des Sciences Et Techni Ques Du Languedoc, 1972</subfield></datafield><datafield ind1=" " ind2=" " tag="490"><subfield code="a">155 P</subfield></datafield><datafield ind1=" " ind2=" " tag="852"><subfield code="a">015:577.1</subfield></datafield></record></collection>